<?xml version="1.0" encoding="UTF-8"?><collection xmlns="http://www.loc.gov/MARC21/slim"><record><leader>00557nam--2200169-i-4500</leader><controlfield tag="001">000029882</controlfield><controlfield tag="002">20161230</controlfield><controlfield tag="005">20161230201037</controlfield><controlfield tag="008">060222s1000------------r-----000-0-eng-d</controlfield><datafield ind1=" " ind2=" " tag="080"><subfield code="a">51(061.3)</subfield></datafield><datafield ind1="1" ind2=" " tag="100"><subfield code="a">Kurke,Herbert (ed.)</subfield></datafield><datafield ind1="1" ind2="0" tag="245"><subfield code="a">Recent trends in mathematics, reinhardsbrunn 1982.conference in reinhardsbrunn, october 11-october 13, 1982</subfield></datafield><datafield ind1=" " ind2=" " tag="260"><subfield code="a">Leipzig, Bsb B.G.Teubner Verlagsgesellchaft, 1982. 336p</subfield></datafield><datafield ind1=" " ind2=" " tag="490"><subfield code="a">Teubner-texte Zur Mathematik</subfield><subfield code="v">band 50</subfield></datafield><datafield ind1=" " ind2=" " tag="700"><subfield code="a">Kurke, Herbert/S.A.</subfield></datafield><datafield ind1=" " ind2=" " tag="852"><subfield code="a">70329</subfield></datafield><datafield ind1=" " ind2=" " tag="CAT"><subfield code="a">Sys</subfield><subfield code="c">20090406</subfield><subfield code="h">111253</subfield></datafield></record></collection>